2969 4290
488 335 608 378 100
940 321 1359 378 TEACHING
1394 320 1936 378 HIGH-SCHOOL
1972 322 2216 378 LATIN
2285 335 2292 350 ¹

618 528 672 568 1.
720 500 788 585 a)
839 505 1051 569 Matt.
1086 507 1360 587 6:9—13‚
1394 503 1540 568 The
1568 503 1806 568 Lord's
1837 505 2106 587 Prayer‚
2140 504 2319 570 Beza
2350 504 2637 570 edition:

617 628 791 684 Pater
825 635 1036 695 noster,
1074 625 1173 696 qui
1211 643 1271 682 es
1306 625 1365 681 in
1402 625 1590 694 coelis,
1629 625 2017 683 sanctificetur
2051 644 2260 684 nomen
2296 635 2481 684 tuum.
2557 628 2682 684 Ad-

482 718 679 775 veniat
719 735 957 788 regnum
995 726 1186 787 tuum;
1244 715 1349 774 fiat
1385 717 1660 774 voluntas
1697 726 1818 786 tua,
1857 726 1925 774 ut
1963 716 2024 774 in
2061 718 2235 787 coelo,
2276 718 2362 775 ita
2400 718 2578 776 etiam
2616 719 2682 775 in

482 821 651 866 terra.
729 810 946 866 Panem
986 818 1250 866 nostrum
1291 808 1719 879 quotidianum·
1737 809 1813 866 da
1852 808 2020 866 nobis
2058 808 2245 866 hodie.
2323 810 2402 867 Et
2444 809 2681 868 remitte

482 901 646 958 nobis
692 900 890 958 debita
934 909 1151 970 nostra,
1200 899 1347 957 sicut
1392 909 1452 957 et
1499 919 1604 957 nos
1649 899 1996 958 remittimus
2042 900 2399 958 debitoribus
2441 901 2677 959 nostris.

482 994 561 1050 Et
596 1012 669 1050 ne
704 1011 811 1049 nos
844 993 1084 1049 inducas
1119 992 1178 1047 in
1215 991 1619 1060 tentationem,
1657 992 1758 1049 sed
1791 992 1971 1049 libera
2005 1010 2111 1049 nos
2146 992 2220 1049 ab
2257 991 2355 1049 illo
2391 978 2677 1064 improbo.

481 1084 631 1154 Quia
662 1093 829 1141 tuum
858 1093 946 1141 est
978 1101 1232 1154 regnum,
1264 1092 1323 1140 et
1354 1083 1635 1154 potentia,
1667 1092 1726 1140 et
1757 1082 1954 1154 gloria,
1987 1083 2046 1139 in
2077 1083 2319 1140 saecula.
2395 1085 2600 1141 Amen.

609 1217 671 1301 b)
720 1220 1008 1303 Vulgate
1040 1220 1320 1285 edition:

619 1344 792 1399 Pater
823 1347 1035 1410 noster,
1073 1341 1173 1412 qui
1209 1359 1269 1398 es
1304 1340 1364 1397 in
1400 1340 1588 1410 coelis,
1627 1341 2016 1399 sanctificetur
2050 1359 2258 1398 nomen
2296 1351 2480 1399 tuum.
2556 1343 2680 1399 Ad-

480 1434 677 1491 veniat
708 1451 946 1504 regnum
974 1443 1159 1490 tuum.
1236 1432 1367 1489 Fiat
1396 1431 1669 1489 voluntas
1699 1442 1819 1502 tua,
1852 1433 1999 1490 sicut
2029 1433 2088 1490 in
2117 1433 2291 1503 coelo,
2323 1442 2383 1491 et
2411 1432 2472 1490 in
2502 1442 2676 1491 terra.

481 1527 697 1582 Panem
742 1533 1007 1582 nostrum
1052 1522 1458 1594 quotidianum
1505 1523 1580 1580 da
1626 1524 1792 1581 nobis
1837 1523 2025 1582 hodie.
2102 1520 2182 1581 Et
2229 1523 2461 1582 dimitte
2506 1525 2678 1582 nobis

481 1617 678 1674 debita
714 1625 931 1685 nostra,
972 1615 1119 1673 sicut
1158 1624 1218 1672 et
1255 1633 1361 1672 nos
1399 1615 1750 1672 dimittimus
1787 1615 2143 1673 debitoribus
2179 1615 2407 1674 nostris.
2482 1617 2563 1674 Et
2602 1635 2678 1674 ne

482 1727 585 1765 nos
611 1708 849 1765 inducas
874 1707 935 1764 in
960 1707 1366 1777 tentationem3
1414 1707 1514 1764 sed
1538 1706 1717 1764 libera
1741 1725 1846 1764 nos
1871 1725 1907 1764 a
1932 1707 2101 1776 malo.
2177 1708 2380 1764 Amen.

612 1866 667 1908 2.
711 1840 782 1925 a)
834 1845 941 1908 Ps.
980 1865 1079 1926 23,
1112 1843 1291 1908 Beza
1320 1841 1604 1908 edition:

611 1966 834 2038 Jehova
866 1974 1065 2036 pastor
1098 1983 1259 2022 meus
1290 1974 1397 2034 est,
1432 1980 1550 2021 non
1581 1982 1818 2036 possum
1847 1983 2028 2035 egere.
2107 1966 2178 2021 In
2211 1965 2389 2022 caulis
2421 1965 2677 2067 herbidis

480 2057 619 2115 facit
648 2067 715 2114 ut
744 2057 1028 2126 recubem,
1060 2057 1373 2113 secundum
1401 2073 1582 2126 aquas
1609 2056 1764 2113 lenes
1792 2056 2024 2114 deducit
2053 2075 2162 2114 me.

612 2150 884 2206 Animam
916 2167 1107 2206 meam
1140 2149 1399 2219 quietam
1432 2149 1630 2218 efficit,
1686 2149 1846 2206 ducit
1881 2167 1974 2206 me
2006 2167 2108 2220 per
2139 2148 2359 2206 orbitas
2390 2149 2674 2220 justitiae,

478 2252 715 2313 propter
738 2259 949 2297 nomen
975 2259 1162 2298 suum.

611 2332 809 2389 Etiam
844 2350 1025 2403 quum
1059 2331 1415 2389 ambularem
1448 2350 1553 2403 per
1584 2332 1797 2389 vallem
1823 2331 2050 2390 lethalis
2076 2332 2330 2401 umbrae,
2359 2350 2476 2388 non
2502 2332 2668 2389 time-

479 2443 599 2483 rem
645 2423 881 2493 malum,
921 2424 1057 2494 quia
1105 2432 1171 2480 tu
1217 2441 1443 2480 mecum
1490 2442 1573 2493 es3
1631 2424 1793 2495 virga
1831 2433 1935 2481 tua
1972 2433 2031 2481 et
2065 2417 2283 2495 'pedum
2321 2433 2508 2493 tuum,
2548 2423 2675 2494 ipsa

479 2515 848 2573 consolantur
895 2534 1004 2573 me.
1081 2515 1329 2573 Instruis
1376 2534 1570 2572 coram
1618 2534 1710 2573 me
1757 2534 2016 2573 mensam
2064 2535 2096 2572 e
2143 2515 2370 2586 regione
2416 2515 2676 2573 hostium

480 2625 760 2664 meorum:
815 2606 1138 2664 delibutum
1171 2606 1361 2664 reddis
1392 2616 1688 2678 unguento
1721 2616 1897 2678 caput
1932 2625 2143 2677 meum,
2176 2607 2449 2678 poculum
2480 2624 2675 2664 meum

478 2699 810 2756 exuberans,

614 2790 775 2847 Nihil
802 2790 913 2847 nisi
940 2790 1156 2847 bonum
1184 2799 1242 2847 et
1270 2789 1595 2861 benignitas
1619 2800 2038 2861 prosequentur
2063 2808 2154 2847 me
2181 2790 2448 2847 omnibus
2474 2790 2677 2847 diebus

480 2883 639 2939 vitae
671 2900 854 2952 meae;
909 2891 967 2939 et
1000 2882 1233 2952 quietus
1263 2900 1360 2938 ero
1393 2882 1451 2937 in
1486 2881 1658 2938 domo
1688 2882 1961 2954 Jehovae,
1996 2881 2272 2952 quamdiu
2303 2881 2474 2953 longa
2505 2891 2676 2939 erunt

482 2984 761 3044 tempora.

606 3107 668 3190 b)
718 3111 826 3175 Ps.
866 3132 965 3190 22,
997 3072 1285 3192 Vulgate
1314 3108 1596 3175 edition:

613 3231 899 3288 Dominus
929 3231 1074 3301 regit
1106 3249 1215 3301 me,
1250 3240 1308 3288 et
1340 3231 1482 3287 nihil
1513 3230 1656 3287 mihi
1686 3230 1891 3288 deerit:
1945 3230 2004 3286 in
2037 3230 2161 3286 loco
2191 3248 2438 3301 pascuae
2470 3229 2550 3286 ibi
2582 3248 2678 3287 me

481 3322 803 3380 collocavit.

614 3415 796 3485 Super
821 3431 1033 3484 aquam
1060 3414 1383 3471 resectionis
1410 3413 1680 3471 educavit
1708 3432 1823 3469 me:
1871 3413 2125 3470 animam
2150 3430 2338 3469 meam
2365 3412 2671 3470 convertit.

612 3506 871 3563 Deduxit
896 3523 990 3562 me
1015 3523 1186 3576 super
1208 3506 1444 3563 semitas
1465 3504 1744 3576 justitiae,
1772 3514 2007 3576 propter
2031 3523 2240 3561 nomen
2264 3522 2452 3561 suum.

612 3599 786 3667 Nam,
829 3606 887 3654 et
929 3597 976 3653 si
1016 3597 1386 3654 ambulavero
1427 3597 1486 3652 in
1527 3596 1714 3653 medio
1753 3596 1992 3653 umbrae
2032 3596 2250 3664 mortiS,
2292 3614 2408 3652 non
2450 3594 2669 3653 timebo

479 3690 654 3747 mala:
702 3690 975 3759 quoniam
1000 3700 1067 3745 tu
1091 3707 1317 3745 mecum
1341 3707 1419 3745 es.

612 3781 787 3852 Virga
811 3790 932 3851 tua,
958 3791 1018 3837 et
1043 3780 1281 3837 baculus
1305 3789 1463 3837 tuus:
1510 3780 1634 3850 ipsa
1658 3798 1750 3836 me
1774 3778 2066 3836 consolata
2090 3789 2244 3835 sunt.

612 3872 837 3929 Parasti
857 3872 917 3928 in
938 3878 1248 3942 conspectu
1270 3891 1397 3928 meo
1418 3889 1695 3941 mensam,
1715 3870 1990 3927 adversus
2010 3888 2107 3927 eos
2129 3870 2231 3941 qui
2251 3869 2541 3927 tribulunt
2563 3888 2673 3927 me.
